@article{Arthur2020,
 author = {Arthur, Ronan F and Jones, James H and Bonds, Matthew H and Feldman, Marcus W.},
 doi = {10.1101/2020.04.14.028407},
 journal = {bioRxiv},
 pages = {1--23},
 title = {{Complex dynamics induced by delayed adaptive behavior during outbreaks}},
 year = {2020}
}

@article{Atchison2020,
 author = {Atchison, Christina J and Bowman, Leigh and Vrinten, Charlotte and Redd, Rozlyn and Pristera, Philippa and Eaton, Jeffrey W and Ward, Helen},
 doi = {10.1101/2020.04.01.20050039},
 journal = {medRxiv},
 keywords = {behavioural response,covid-19,epidemic,novel coronavirus,risk perceptions},
 pages = {2020.04.01.20050039},
 title = {{Perceptions and behavioural responses of the general public during the COVID-19 pandemic: A cross-sectional survey of UK Adults}},
 year = {2020}
}

@article{Banholzer2020,
 author = {Banholzer, Nicolas and Weenen, Eva Van and Kratzwald, Bernhard and Seeliger, Arne},
 doi = {10.1101/2020.04.16.20062141},
 journal = {medRxiv},
 title = {{The estimated impact of non-pharmaceutical interventions on documented cases of COVID-19 : A cross-country analysis}},
 year = {2020}
}

@article{Flaxman2020,
 author = {Flaxman, Seth and Mishra, Swapnil and Gandy, Axel and Unwin, Juliette T and Coupland, Helen and Mellan, Thomas A and Zhu, Harrison and Berah, Tresnia and Eaton, Jeffrey W and Guzman, Pablo N P and Schmit, Nora and Cilloni, Lucia and Ainslie, Kylie E C and Baguelin, Marc and Blake, Isobel and Boonyasiri, Adhiratha and Boyd, Olivia and Cattarino, Lorenzo and Ciavarella, Constanze and Cooper, Laura and Cucunub{\'{a}}, Zulma and Cuomo-Dannenburg, Gina and Dighe, Amy and Djaafara, Bimandra and Dorigatti, Ilaria and {Van Elsland}, Sabine and Fitzjohn, Rich and Fu, Han and Gaythorpe, Katy and Geidelberg, Lily and Grassly, Nicholas and Green, Will and Hallett, Timothy and Hamlet, Arran and Hinsley, Wes and Jeffrey, Ben and Jorgensen, David and Knock, Edward and Laydon, Daniel and Nedjati-Gilani, Gemma and Nouvellet, Pierre and Parag, Kris and Siveroni, Igor and Thompson, Hayley and Verity, Robert and Volz, Erik and {Gt Walker}, Patrick and Walters, Caroline and Wang, Haowei and Wang, Yuanrong and Watson, Oliver and Xi, Xiaoyue and Winskill, Peter and Whittaker, Charles and Ghani, Azra and Donnelly, Christl A and Riley, Steven and Okell, Lucy C and Vollmer, Michaela A C and Ferguson, Neil M and Bhatt, Samir},
 doi = {10.25561/77731},
 journal = {Imp. Coll. London},
 keywords = {COVID19},
 number = {March},
 pages = {1--35},
 title = {{Estimating the number of infections and the impact of non-pharmaceutical interventions on COVID-19 in 11 European countries}},
 year = {2020}
}

@article{Foreman-Mackey2013,
 archiveprefix = {arXiv},
 arxivid = {1202.3665},
 author = {Foreman-Mackey, Daniel and Hogg, David W. and Lang, Dustin and Goodman, Jonathan},
 doi = {10.1086/670067},
 eprint = {1202.3665},
 issn = {00046280},
 journal = {Publ. Astron. Soc. Pacific},
 number = {925},
 pages = {306--312},
 title = {{emcee : The MCMC Hammer }},
 volume = {125},
 year = {2013}
}

@article{Gatto2020,
 author = {Gatto, Marino and Bertuzzo, Enrico and Mari, Lorenzo and Miccoli, Stefano and Carraro, Luca and Casagrandi, Renato and Rinaldo, Andrea},
 doi = {10.1073/pnas.2004978117},
 issn = {0027-8424},
 journal = {Proc. Natl. Acad. Sci.},
 month = {apr},
 pages = {202004978},
 title = {{Spread and dynamics of the COVID-19 epidemic in Italy: Effects of emergency containment measures}},
 year = {2020}
}

@article{Li2020,
 author = {Li, Ruiyun and Pei, Sen and Chen, Bin and Song, Yimeng and Zhang, Tao and Yang, Wan and Shaman, Jeffrey},
 doi = {10.1126/science.abb3221},
 issn = {0036-8075},
 journal = {Science (80-. ).},
 keywords = {COVID19},
 month = {mar},
 pages = {eabb3221},
 title = {{Substantial undocumented infection facilitates the rapid dissemination of novel coronavirus (SARS-CoV2)}},
 year = {2020}
}

@article{Pei2020,
 author = {Pei, Sen and Shaman, Jeffrey},
 doi = {10.1101/2020.03.21.20040303},
 journal = {medRxiv},
 keywords = {COVID19},
 pages = {2020.03.21.20040303},
 title = {{Initial Simulation of SARS-CoV2 Spread and Intervention Effects in the Continental US}},
 year = {2020}
}

@article{Spiegelhalter2002,
 author = {Spiegelhalter, David J. and Best, Nicola G. and Carlin, Bradley P. and {Van Der Linde}, Angelika},
 doi = {10.1111/1467-9868.00353},
 isbn = {1369-7412},
 issn = {13697412},
 journal = {J. R. Stat. Soc. Ser. B Stat. Methodol.},
 keywords = {Bayesian model comparison,Decision theory,Deviance information criterion,Effective number of parameters,Hierarchical models,Information theory,Leverage,Markov chain Monte Carlo methods,Model dimension,food culture,statistics},
 number = {4},
 pages = {583--616},
 pmid = {6175412381464386404},
 title = {{Bayesian measures of model complexity and fit}},
 volume = {64},
 year = {2002}
}

